<?xml version="1.0" encoding="UTF-8"?><collection xmlns="http://www.loc.gov/MARC21/slim"><record><leader>00377nam--2200145-i-4500</leader><controlfield tag="001">000006139</controlfield><controlfield tag="002">20161230</controlfield><controlfield tag="005">20170305221458</controlfield><controlfield tag="008">060222s1000------------r-----000-0-eng-d</controlfield><datafield ind1=" " ind2=" " tag="100"><subfield code="a">Clark, R. L</subfield></datafield><datafield ind1=" " ind2=" " tag="245"><subfield code="a">Industrial chemicals second edition</subfield></datafield><datafield ind1=" " ind2=" " tag="260"><subfield code="a">New York</subfield><subfield code="b">John Wiley &amp; Sons, Inc</subfield><subfield code="c">1961</subfield></datafield><datafield ind1=" " ind2=" " tag="300"><subfield code="a">IX + 844 p</subfield></datafield><datafield ind1=" " ind2=" " tag="700"><subfield code="a">Keyes, D. B</subfield></datafield><datafield ind1=" " ind2=" " tag="CAT"><subfield code="a">SYS</subfield><subfield code="c">20170305</subfield><subfield code="h">221458</subfield></datafield></record></collection>